<record><leader>00000cas a22000007a 4500</leader><controlfield tag="001">22186387</controlfield><controlfield tag="008">900806d19291929maudr ne      0    0eng d</controlfield><datafield ind1=" " ind2=" " tag="010"><subfield code="a">sn 90057221 </subfield></datafield><datafield ind1=" " ind2=" " tag="040"><subfield code="a">MFN</subfield><subfield code="b">eng</subfield><subfield code="c">MFN</subfield><subfield code="d">MGN</subfield><subfield code="d">OCLCQ</subfield><subfield code="d">CRL</subfield></datafield><datafield ind1=" " ind2=" " tag="042"><subfield code="a">msc</subfield></datafield><datafield ind1="0" ind2="0" tag="245"><subfield code="a">Daily record and Boston daily advertiser.</subfield></datafield><datafield ind1="3" ind2="0" tag="246"><subfield code="a">Daily record</subfield></datafield><datafield ind1="3" ind2="0" tag="246"><subfield code="a">Boston daily advertiser and daily record</subfield></datafield><datafield ind1="3" ind2="0" tag="246"><subfield code="a">Boston Sunday advertiser</subfield></datafield><datafield ind1=" " ind2=" " tag="260"><subfield code="a">Boston [Mass.] :</subfield><subfield code="b">Northeastern Pub. Co.</subfield></datafield><datafield ind1=" " ind2=" " tag="300"><subfield code="a">v.</subfield></datafield><datafield ind1=" " ind2=" " tag="310"><subfield code="a">Daily</subfield></datafield><datafield ind1="0" ind2=" " tag="362"><subfield code="a">Vol. 231, no. 52 (Mar. 1, 1929)-v. 231, no. 131 (June 3, 1929).</subfield></datafield><datafield ind1=" " ind2=" " tag="500"><subfield code="a">Published as: Boston daily advertiser and daily record, Apr. 8-27, 1929.</subfield></datafield><datafield ind1=" " ind2=" " tag="500"><subfield code="a">On Sundays published as: Boston Sunday advertiser.</subfield></datafield><datafield ind1=" " ind2=" " tag="752"><subfield code="a">United States</subfield><subfield code="b">Massachusetts</subfield><subfield code="c">Suffolk</subfield><subfield code="d">Boston.</subfield></datafield><datafield ind1="0" ind2="0" tag="780"><subfield code="t">Daily record Boston advertiser</subfield><subfield code="w">(DLC)sn 86071088</subfield><subfield code="w">(OCoLC)13147937</subfield></datafield><datafield ind1="0" ind2="0" tag="785"><subfield code="t">Daily record (Boston, Mass.)</subfield><subfield code="w">(DLC)sn 86071090</subfield><subfield code="w">(OCoLC)13148675</subfield></datafield></record>